<?xml version="1.0" encoding="UTF-8"?><collection xmlns="http://www.loc.gov/MARC21/slim"><record><leader>00417nam--2200109-i-4500</leader><controlfield tag="001">000046450</controlfield><controlfield tag="002">20161230</controlfield><controlfield tag="005">20161230201046</controlfield><controlfield tag="008">060222s1000------------r-----000-0-eng-d</controlfield><datafield ind1=" " ind2=" " tag="245"><subfield code="a">L`utilisation de l`energie atomique a des fins pacifiques. actes de la conference internationale de geneve, aout 1955. vol.iv: principales sections efficaces servant a l`etude des piles</subfield></datafield><datafield ind1=" " ind2=" " tag="260"><subfield code="a">Geneve, Nations Unies, 1956</subfield></datafield><datafield ind1=" " ind2=" " tag="852"><subfield code="a">10891</subfield></datafield></record></collection>